<record><leader>00000cas a22000007a 4500</leader><controlfield tag="001">11037542</controlfield><controlfield tag="008">840809c198u9999cauer ne      0   a0eng d</controlfield><datafield ind1=" " ind2=" " tag="010"><subfield code="a">sn 84007631 </subfield></datafield><datafield ind1=" " ind2=" " tag="040"><subfield code="a">NSD</subfield><subfield code="b">eng</subfield><subfield code="c">NSD</subfield><subfield code="d">CNK</subfield><subfield code="d">OCLCQ</subfield><subfield code="d">OCLCF</subfield><subfield code="d">OCLCO</subfield></datafield><datafield ind1=" " ind2=" " tag="012"><subfield code="k">1</subfield><subfield code="m">1</subfield></datafield><datafield ind1="1" ind2=" " tag="022"><subfield code="a">0745-5755</subfield><subfield code="l">0745-5755</subfield><subfield code="2">1</subfield></datafield><datafield ind1="1" ind2=" " tag="029"><subfield code="a">AU@</subfield><subfield code="b">000020342289</subfield></datafield><datafield ind1=" " ind2=" " tag="032"><subfield code="a">692450</subfield><subfield code="b">USPS</subfield></datafield><datafield ind1=" " ind2=" " tag="037"><subfield code="b">Tribune/News, PO Box 1259, Covina, CA 91722</subfield></datafield><datafield ind1=" " ind2=" " tag="042"><subfield code="a">nsdp</subfield><subfield code="a">msc</subfield></datafield><datafield ind1=" " ind2=" " tag="043"><subfield code="a">n-us-ca</subfield></datafield><datafield ind1=" " ind2="0" tag="222"><subfield code="a">Tribune/news</subfield></datafield><datafield ind1="0" ind2="0" tag="245"><subfield code="a">Tribune/news.</subfield></datafield><datafield ind1="3" ind2=" " tag="246"><subfield code="a">San Gabriel Valley Sunday tribune, the daily news</subfield></datafield><datafield ind1="3" ind2=" " tag="246"><subfield code="a">Sunday tribune news</subfield></datafield><datafield ind1=" " ind2=" " tag="260"><subfield code="a">West Covina, Calif. :</subfield><subfield code="b">San Gabriel Valley Tribune</subfield></datafield><datafield ind1=" " ind2=" " tag="310"><subfield code="a">Biweekly,</subfield><subfield code="b">&lt;Mar. 3, 1985-&gt;</subfield></datafield><datafield ind1=" " ind2=" " tag="321"><subfield code="a">Weekly,</subfield><subfield code="b">&lt;July 22, 1984-&gt;</subfield></datafield><datafield ind1="0" ind2=" " tag="362"><subfield code="a">Vol. 28, no. 311 (Nov. 7, 1982)-</subfield></datafield><datafield ind1=" " ind2=" " tag="500"><subfield code="a">"San Gabriel Valley Sunday" and "the daily" appear in small type above masthead title, Nov. 7, 1982-Feb. 27, 1983. "Sunday" appears above masthead title, Mar. 6, 1983-July 8, 1984.</subfield></datafield><datafield ind1=" " ind2=" " tag="500"><subfield code="a">Published without a slash between "tribune" and "news," Feb. 27, 1983-July 8, 1984.</subfield></datafield><datafield ind1=" " ind2=" " tag="580"><subfield code="a">Sunday ed. of: San Gabriel Valley daily tribune; and: Daily news (Whittier, Calif.).</subfield></datafield><datafield ind1=" " ind2="0" tag="651"><subfield code="a">San Gabriel River Valley (Calif.)</subfield><subfield code="v">Newspapers.</subfield></datafield><datafield ind1=" " ind2="7" tag="655"><subfield code="a">Newspapers.</subfield><subfield code="2">fast</subfield><subfield code="0">(OCoLC)fst01423814</subfield></datafield><datafield ind1=" " ind2="7" tag="651"><subfield code="a">California</subfield><subfield code="z">San Gabriel River Valley.</subfield><subfield code="2">fast</subfield><subfield code="0">(OCoLC)fst01275269</subfield></datafield><datafield ind1=" " ind2=" " tag="752"><subfield code="a">United States</subfield><subfield code="b">California</subfield><subfield code="c">Los Angeles</subfield><subfield code="d">West Covina.</subfield></datafield><datafield ind1="1" ind2=" " tag="787"><subfield code="t">San Gabriel Valley daily tribune</subfield><subfield code="x">8755-9595</subfield><subfield code="w">(DLC)sn 83002085</subfield></datafield><datafield ind1="1" ind2=" " tag="787"><subfield code="t">Daily news (Whittier, Calif.)</subfield><subfield code="x">0746-6188</subfield><subfield code="w">(DLC)sn 83003717</subfield></datafield><datafield ind1=" " ind2=" " tag="936"><subfield code="a">Mar. 3, 1985</subfield><subfield code="a">RECORD REPORTED FOR DELETION--USE #9292694 OR #10164236</subfield></datafield></record>